@misc{ Kruskal,
       author = "Wikipedia",
       title = "Algoritmo de Kruskal --- Wikipedia{,} La enciclopedia libre",
       year = "2020",
       url = "\url{https://es.wikipedia.org/w/index.php?title=Algoritmo_de_Kruskal&oldid=130982430}",
       note = "[ Internet; descargado 18-noviembre-2023]"
}

@misc{ ImagenEjemplo,
       author = "Mundo IO Academy",
       title = " Árbol de Expansión Mínima - Algoritmo de Kruskal",
       year = "2022",
       url = "\url{https://www.youtube.com/watch?v=lTCDUJw_4GM&ab_channel=MUNDOIOACADEMY-Investigaci%C3%B3ndeOperaciones}",
       note = "[Internet; descargado 18-noviembre-2023]"
}

@misc{ algoritmo,
       author = "Python pool",
       title = " Kruskal’s algorithm: Implementation in Python",
       year = "2022",
       url = "\url{https://www.pythonpool.com/kruskals-algorithm-python/}",
       note = "[Internet; descargado 17-noviembre-2023]"
}

@misc{ arbol,
       author = "Luis Benites",
       title = " Árbol de expansión mínimo: definición, ejemplos, algoritmo de Prim",
       year = "2021",
       url = "\url{https://statologos.com/arbol-de-expansion-minimo/}",
       note = "[Internet; descargado 19-noviembre-2023]"
}
